@book{mas1995microeconomic,
	Author = {Mas-Colell, Andreu and Whinston, Michael Dennis and Green, Jerry R},
	Publisher = {Oxford University Press New York},
	Title = {Microeconomic Theory},
	Edition = {1},
	Year = {1995}
    }
